@article{rawassizadeh2015wearables,
  title={Wearables: Has the age of smartwatches finally arrived?},
  author={Rawassizadeh, Reza and Price, Blaine A and Petre, Marian},
  journal={Communications of the ACM},
  volume={58},
  number={1},
  pages={45--47},
  year={2015},
  publisher={ACM}
}

@article{tavani2007philosophical,
	title={Philosophical theories of privacy: Implications for an adequate online privacy policy},
	author={Tavani, Herman T},
	journal={Metaphilosophy},
	volume={38},
	number={1},
	pages={1--22},
	year={2007},
	publisher={Wiley Online Library}
}